@misc{geeksforgeeks,
  title   = {What is Information Retrieval?},
  journal = {GeeksforGeeks},
  author  = {GeeksforGeeks}
}
@inbook{Abdulahhad_2018,
  title     = {Concept Embedding for Information Retrieval},
  isbn      = {9783319769417},
  issn      = {1611-3349},
  url       = {http://dx.doi.org/10.1007/978-3-319-76941-7_45},
  doi       = {10.1007/978-3-319-76941-7_45},
  booktitle = {Advances in Information Retrieval},
  publisher = {Springer International Publishing},
  author    = {Abdulahhad, Karam},
  year      = {2018},
  pages     = {563-569}
}
@book{manning2008introduction,
  title     = {Introduction to Information Retrieval},
  author    = {Manning, C.D. and Raghavan, P. and Sch{\"u}tze, H.},
  isbn      = {9780521865715},
  lccn      = {2008001257},
  series    = {An Introduction to Information Retrieval},
  url       = {https://books.google.com.vn/books?id=GNvtngEACAAJ},
  year      = {2008},
  publisher = {Cambridge University Press}
}
@misc{vaswani2023attentionneed,
      title={Attention Is All You Need}, 
      author={Ashish Vaswani and Noam Shazeer and Niki Parmar and Jakob Uszkoreit and Llion Jones and Aidan N. Gomez and Lukasz Kaiser and Illia Polosukhin},
      year={2023},
      eprint={1706.03762},
      archivePrefix={arXiv},
      primaryClass={cs.CL},
      url={https://arxiv.org/abs/1706.03762}, 
}
@misc{devlin2019bertpretrainingdeepbidirectional,
      title={BERT: Pre-training of Deep Bidirectional Transformers for Language Understanding}, 
      author={Jacob Devlin and Ming-Wei Chang and Kenton Lee and Kristina Toutanova},
      year={2019},
      eprint={1810.04805},
      archivePrefix={arXiv},
      primaryClass={cs.CL},
      url={https://arxiv.org/abs/1810.04805}, 
}
@misc{singh2022vectorspacemodel,
author = {Singh, Vaibhav and Singh, Vinay},
year = {2022},
month = {07},
pages = {},
title = {VECTOR SPACE MODEL: AN INFORMATION RETRIEVAL SYSTEM}
}
@article{buckley_salton_allan1993smart,
author = {Buckley, Chris and Salton, G. and Allan, James},
year = {1993},
month = {01},
pages = {},
title = {The SMART information retrieval project},
doi = {10.3115/1075671.1075771}
}
